<?xml version="1.0" encoding="UTF-8"?><collection xmlns="http://www.loc.gov/MARC21/slim"><record><leader>00464nam--2200169-i-4500</leader><controlfield tag="001">000035515</controlfield><controlfield tag="002">20161230</controlfield><controlfield tag="005">20161230201040</controlfield><controlfield tag="008">060222s1000------------r-----000-0-eng-d</controlfield><datafield ind1=" " ind2=" " tag="040"><subfield code="a">IFIN-HH</subfield></datafield><datafield ind1=" " ind2=" " tag="080"><subfield code="a">518(061.3):539.1(061.3)</subfield></datafield><datafield ind1="1" ind2=" " tag="100"><subfield code="a">Graves-morris</subfield></datafield><datafield ind1="1" ind2="0" tag="245"><subfield code="a">Pade approximants and their applications</subfield><subfield code="c">P.r. graves-morris (ed.)</subfield></datafield><datafield ind1=" " ind2=" " tag="260"><subfield code="a">London</subfield><subfield code="b">Academic Press</subfield><subfield code="c">1973</subfield></datafield><datafield ind1=" " ind2=" " tag="300"><subfield code="a">X + 354P</subfield></datafield><datafield ind1=" " ind2=" " tag="852"><subfield code="a">39266</subfield><subfield code="c">518.12</subfield></datafield><datafield ind1=" " ind2=" " tag="CAT"><subfield code="a">Sys</subfield><subfield code="c">20130806</subfield><subfield code="h">120321</subfield></datafield></record></collection>